<?xml version="1.0" encoding="UTF-8"?><collection xmlns="http://www.loc.gov/MARC21/slim"><record><leader>00367nam--2200133-i-4500</leader><controlfield tag="001">000036367</controlfield><controlfield tag="002">20161230</controlfield><controlfield tag="005">20161230201040</controlfield><controlfield tag="008">060222s1000------------r-----000-0-eng-d</controlfield><datafield ind1=" " ind2=" " tag="020"><subfield code="a">SYNTHETIC REAGENTS</subfield></datafield><datafield ind1=" " ind2=" " tag="100"><subfield code="a">Pizey, J.S</subfield></datafield><datafield ind1=" " ind2=" " tag="245"><subfield code="a">Dimethylformamide</subfield></datafield><datafield ind1=" " ind2=" " tag="260"><subfield code="a">Lithium Aluminium Hydride Mercuric Oxide</subfield></datafield><datafield ind1=" " ind2=" " tag="490"><subfield code="a">Chichester, Ellis Horwood Lim., 1974, Vii + 411p</subfield></datafield></record></collection>